<record><leader>00000cas a22000007a 4500</leader><controlfield tag="001">9823533</controlfield><controlfield tag="008">830819d18241840nyuwr ne      0    0eng d</controlfield><datafield ind1=" " ind2=" " tag="010"><subfield code="a">sn 83031216 </subfield><subfield code="z">sn 83031245 </subfield></datafield><datafield ind1=" " ind2=" " tag="040"><subfield code="a">NPU</subfield><subfield code="b">eng</subfield><subfield code="c">NPU</subfield><subfield code="d">DLC</subfield><subfield code="d">NPX</subfield><subfield code="d">NPA</subfield><subfield code="d">DLC</subfield><subfield code="d">UNP</subfield><subfield code="d">OCL</subfield><subfield code="d">NYS</subfield><subfield code="d">CNK</subfield><subfield code="d">OCL</subfield><subfield code="d">OCLCQ</subfield><subfield code="d">OCLCO</subfield></datafield><datafield ind1=" " ind2=" " tag="012"><subfield code="b">3</subfield></datafield><datafield ind1=" " ind2=" " tag="019"><subfield code="a">9946581</subfield></datafield><datafield ind1="1" ind2=" " tag="029"><subfield code="a">AU@</subfield><subfield code="b">000020127389</subfield></datafield><datafield ind1=" " ind2=" " tag="042"><subfield code="a">msc</subfield></datafield><datafield ind1=" " ind2=" " tag="043"><subfield code="a">n-us-ny</subfield></datafield><datafield ind1="0" ind2="0" tag="050"><subfield code="a">Newspaper 8829-X</subfield></datafield><datafield ind1="0" ind2="4" tag="245"><subfield code="a">The Livingston register.</subfield></datafield><datafield ind1=" " ind2=" " tag="260"><subfield code="a">Moscow, N.Y. :</subfield><subfield code="b">J. Percival</subfield></datafield><datafield ind1=" " ind2=" " tag="300"><subfield code="a">v.</subfield></datafield><datafield ind1=" " ind2=" " tag="310"><subfield code="a">Weekly</subfield></datafield><datafield ind1="1" ind2=" " tag="362"><subfield code="a">Began Jan. 8, 1824 issue.</subfield></datafield><datafield ind1="0" ind2=" " tag="362"><subfield code="a">-v. 17, no. 880 (Nov. 21, 1840).</subfield></datafield><datafield ind1=" " ind2=" " tag="500"><subfield code="a">Published at Moscow, N.Y., &lt;1824&gt;; at Geneseo, N.Y., &lt;1825-1840&gt;.</subfield></datafield><datafield ind1=" " ind2=" " tag="500"><subfield code="a">Moscow, N.Y. later became known as Leicester, N.Y.</subfield></datafield><datafield ind1=" " ind2=" " tag="500"><subfield code="a">Publishers: James Percival, &lt;1825-1829&gt;; Elias Clark, &lt;1832&gt;.</subfield></datafield><datafield ind1=" " ind2=" " tag="515"><subfield code="a">Vol. 13, no. 762 (Aug. 14, 1838) misdated and misnumbered v. 13, no. 761 (Aug. 7, 1838).</subfield></datafield><datafield ind1=" " ind2=" " tag="515"><subfield code="a">Vol. 15, no. 10 = No. 737 misnumbered v. 15, no. 10 = No. 736.</subfield></datafield><datafield ind1=" " ind2=" " tag="515"><subfield code="a">Whole numbers added to numbering system from Dec. 30, 1829 to Apr. 3, 1838.</subfield></datafield><datafield ind1=" " ind2=" " tag="515"><subfield code="a">Suspended in &lt;1837&gt;.</subfield></datafield><datafield ind1=" " ind2=" " tag="588"><subfield code="a">Description based on: Vol. 1, no. 2 (Jan. 15, 1824).</subfield></datafield><datafield ind1=" " ind2="0" tag="651"><subfield code="a">Geneseo (N.Y.)</subfield><subfield code="v">Newspapers.</subfield></datafield><datafield ind1=" " ind2="0" tag="651"><subfield code="a">Leicester (N.Y.)</subfield><subfield code="v">Newspapers.</subfield></datafield><datafield ind1=" " ind2=" " tag="752"><subfield code="a">United States</subfield><subfield code="b">New York</subfield><subfield code="c">Livingston</subfield><subfield code="d">Geneseo.</subfield></datafield><datafield ind1=" " ind2=" " tag="752"><subfield code="a">United States</subfield><subfield code="b">New York</subfield><subfield code="c">Livingston</subfield><subfield code="d">Moscow.</subfield></datafield><datafield ind1=" " ind2=" " tag="752"><subfield code="a">United States</subfield><subfield code="b">New York</subfield><subfield code="c">Livingston</subfield><subfield code="d">Leicester.</subfield></datafield><datafield ind1="0" ind2="0" tag="780"><subfield code="t">Livingston gazette</subfield><subfield code="w">(DLC)sn 88074293</subfield><subfield code="w">(OCoLC)18001388</subfield></datafield></record>